@misc{baseballsavant,
  author={MLB Statcast},
  title={Statcast Bat Tracking Leaderboard},
  url={https://baseballsavant.mlb.com/leaderboard/bat-tracking},
  publisher={Major League Baseball},
  year={2024}
} 

@manual{baseballr,
  author={Bill Petti and Saiem Gilani},
  title={baseballr: Acquiring and Analyzing Baseball Data},
  year={2024},
  note={R package version 1.6.0, commit af84f6deaf5115490791936abcbf11f3586b4597},
  url={https://github.com/mlascaleia/baseballr}
}

@article{wu2012cluster,
  title={Cluster analysis and K-means clustering: an introduction},
  author={Wu, Junjie and Wu, Junjie},
  journal={Advances in K-Means clustering: A data mining thinking},
  pages={1--16},
  year={2012},
  publisher={Springer}
}

@article{thammasiri2014critical,
  title={A critical assessment of imbalanced class distribution problem: The case of predicting freshmen student attrition},
  author={Thammasiri, Dech and Delen, Dursun and Meesad, Phayung and Kasap, Nihat},
  journal={Expert Systems with Applications},
  volume={41},
  number={2},
  pages={321--330},
  year={2014},
  publisher={Elsevier}
}

@article{chawla2002smote,
  title={SMOTE: synthetic minority over-sampling technique},
  author={Chawla, Nitesh V and Bowyer, Kevin W and Hall, Lawrence O and Kegelmeyer, W Philip},
  journal={Journal of artificial intelligence research},
  volume={16},
  pages={321--357},
  year={2002}
}

@misc{gergisexploring,
  author       = {Heidar Gergis},
  title        = {Exploring Factors Influencing On-Base Percentage in Modern Baseball},
  year         = {2024},
  institution  = {Lund University},
  department   = {Centre for Mathematical Sciences},
  number       = {LUTFMS-4014-2024},
  note         = {ISSN 1654-6229},
  url          = {https://lup.lub.lu.se/luur/download?func=downloadFile&recordOId=9175631&fileOId=9175632}
}

@misc{russell_batw,
  author       = {Daniel A. Russell},
  title        = {Bat Weight, Swing Speed and Ball Velocity},
  year         = {2008},
  url          = {https://www.acs.psu.edu/drussell/bats/batw8.html},
  note         = {Accessed: 2025-05-05},
  howpublished = {Online},
  institution  = {The Pennsylvania State University},
  address      = {University Park, PA},
  publisher    = {Graduate Program in Acoustics},
  series       = {Physics and Acoustics of Baseball \& Softball Bats},
  authornote   = {Daniel A. Russell is a faculty member in the Graduate Program in Acoustics at The Pennsylvania State University.}
}

@Manual{emmeans,
    title = {emmeans: Estimated Marginal Means, aka Least-Squares Means},
    author = {Russell V. Lenth},
    year = {2024},
    note = {R package version 1.10.5},
    url = {https://CRAN.R-project.org/package=emmeans},
  }
  